@techreport{baek2007introduction,
  title       = {Introduction to Infinite {Ramsey} Theory},
  author      = {Baek, Jongmin},
  institution = {Stanford University},
  year        = {2007},
  month       = {May},
  note        = {Unpublished technical report},
  url         = {https://cs.stanford.edu/~jbaek/infinite-ramsey.pdf}
}

@book{chang2013model,
  title={Model Theory: Third Edition},
  author={Chang, C.C. and Keisler, H.J.},
  isbn={9780486310954},
  series={Dover Books on Mathematics},
  url={https://books.google.com/books?id=sRi0AAAAQBAJ},
  year={2013},
  publisher={Dover Publications}
}


@book{marker2002model,
  title={Model Theory: {An} Introduction},
  author={Marker, David},
  year={2002},
  publisher={Springer},
  address={New York},
  series={Graduate Texts in Mathematics},
  number={217},
  pages={342},
  isbn={978-0-387-98760-6},
  language={english},
  note={Call Number: QA9.7 .M367 2002}
}